<record><leader>00000cas a22000007a 4500</leader><controlfield tag="001">17359140</controlfield><controlfield tag="008">880119u1967uuuutxumr ne      0    0eng d</controlfield><datafield ind1=" " ind2=" " tag="010"><subfield code="a">sn 88083014 </subfield></datafield><datafield ind1=" " ind2=" " tag="040"><subfield code="a">PPM</subfield><subfield code="b">eng</subfield><subfield code="c">PPM</subfield><subfield code="d">OCLCQ</subfield><subfield code="d">IUA</subfield><subfield code="d">OCLCO</subfield><subfield code="d">OCLCF</subfield></datafield><datafield ind1="1" ind2=" " tag="029"><subfield code="a">AU@</subfield><subfield code="b">000025793380</subfield></datafield><datafield ind1=" " ind2=" " tag="042"><subfield code="a">msc</subfield></datafield><datafield ind1="0" ind2="4" tag="245"><subfield code="a">The American barbed wire journal.</subfield></datafield><datafield ind1=" " ind2=" " tag="260"><subfield code="a">Snyder, Tex. :</subfield><subfield code="b">January Pub. Co.,</subfield><subfield code="c">1967-</subfield></datafield><datafield ind1=" " ind2=" " tag="310"><subfield code="a">Monthly</subfield></datafield><datafield ind1="0" ind2=" " tag="362"><subfield code="a">Vol. 1, no. 1 (June, 1967)-</subfield></datafield><datafield ind1=" " ind2="0" tag="650"><subfield code="a">Barbed wire</subfield><subfield code="x">Collectors and collecting</subfield><subfield code="x">Periodicals.</subfield></datafield><datafield ind1=" " ind2="7" tag="655"><subfield code="a">Periodicals.</subfield><subfield code="2">fast</subfield><subfield code="0">(OCoLC)fst01411641</subfield></datafield><datafield ind1=" " ind2="7" tag="650"><subfield code="a">Barbed wire</subfield><subfield code="x">Collectors and collecting.</subfield><subfield code="2">fast</subfield><subfield code="0">(OCoLC)fst00827425</subfield></datafield><datafield ind1=" " ind2=" " tag="752"><subfield code="a">United States</subfield><subfield code="b">Texas</subfield><subfield code="c">Kent</subfield><subfield code="d">Jayton.</subfield></datafield></record>